@misc{raven2001biology,
  title={Biology. 6th},
  author={Raven, Peter H and Johnson, GB},
  year={2001},
  publisher={McGraw-Hill}
}

@misc{ wiki:xxx,
    author = "{Wikipedia contributors}",
    title = "Tabu search --- {Wikipedia}{,} The Free Encyclopedia",
    year = "2018",
    url = "https://en.wikipedia.org/w/index.php?title=Tabu_search&oldid=861478170",
    note = "[Online; accessed 10-December-2018]"
  }


@article{croes1958method,
  title={A method for solving traveling-salesman problems},
  author={Croes, Georges A},
  journal={Operations research},
  volume={6},
  number={6},
  pages={791--812},
  year={1958},
  publisher={INFORMS}
}



@article{eiben2008introduction,
  title={Introduction to evolutionary computing ({N}atural {C}omputing {S}eries)},
  author={Eiben, AE and Smith, JE},
  year={2008},
  publisher={Springer}
}


@article{andreica2015best,
  title={Best-order crossover for permutation-based evolutionary algorithms},
  author={Andreica, Anca and Chira, Camelia},
  journal={Applied Intelligence},
  volume={42},
  number={4},
  pages={751--776},
  year={2015},
  publisher={Springer}
}





@inproceedings{wilkin2007k,
  title={K-means clustering algorithms: Implementation and comparison},
  author={Wilkin, Gregory A and Huang, Xiuzhen},
  booktitle={Computer and Computational Sciences, 2007. IMSCCS 2007. Second International Multi-Symposiums on},
  pages={133--136},
  year={2007},
  organization={IEEE}
}

@article{hartigan1979algorithm,
  title={Algorithm AS 136: A k-means clustering algorithm},
  author={Hartigan, John A and Wong, Manchek A},
  journal={Journal of the Royal Statistical Society. Series C (Applied Statistics)},
  volume={28},
  number={1},
  pages={100--108},
  year={1979},
  publisher={JSTOR}
}


@article{macgregor1996human,
  title={Human performance on the traveling salesman problem},
  author={MacGregor, James N and Ormerod, Tom},
  journal={Perception \& Psychophysics},
  volume={58},
  number={4},
  pages={527--539},
  year={1996},
  publisher={Springer}
}


@article{adleman1994molecular,
  title={Molecular computation of solutions to combinatorial problems},
  author={Adleman, Leonard M},
  journal={Science},
  volume={266},
  number={5187},
  pages={1021--1024},
  year={1994},
  publisher={American Association for the Advancement of Science}
}

@article{held1984aspects,
  title={Aspects of the traveling salesman problem},
  author={Held, Michael and Hoffman, Alan J. and Johnson, Ellis Lane and Wolfe, Philip},
  journal={IBM Journal of Research and Development},
  volume={28},
  number={4},
  pages={476--486},
  year={1984},
  publisher={IBM}
}
